@book{BLR,
    title = {N\'{e}ron Models},
    author = {Bosch, Siegfried and Werner L\"{u}tkebohmert and Michel Raynaud},
    isbn = {9783642080739},
    series = {Ergebnisse der Mathematik und ihrer Grenzgebiete vol. 21},
    year = {1990},
    publisher = {Springer-Verlag},
	keywords = {N\'{e}ron,model}
}

@book{CF,
	title = {Algebraic Number Theory},
	author = {J. W. S. Cassels and A. Fr\"{o}lich},
	isbn = {0950273422},
	series = {Proceedings of the London Mathematical Society},
	year = {1967},
	publisher = {Thompson Book Company},
	keywords = {algebraic,number,theory}
}

@book{Fantechi,
    title = {Fundamental Algebraic Geometry: Grothendieck's Algebraic Geometry Explained},
    author = {Fantechi, Barbara and Lothar G\"{o}ttsche and Luc Illusie and Steven L. Kleiman and Nitin Nitsure and Angelo Vistoli},
    isbn = {0821835416},
    series = {Mathematical Surveys and Monographs vol. 123},
    year = {2005},
    publisher = {American Mathematical Society},
    keywords = {FGA}
}

@book{Liu,
    title = {Algebraic Geometry and Arithmetic Curves},
    author = {Liu, Qing},
    isbn = {0198502842},
    series = {Oxford Graduate Texts in Mathematics},
    year = {2002},
    publisher = {Oxford University Press},
    keywords = {algebraic,geometry}
}

@book{Milne,
	title = {\'{E}tale Cohomology},
	author = {James S. Milne},
	isbn = {9780691171104},
	series = {Princeton Mathematical Series vol. 33},
	year = {2017},
	publisher = {Princeton University Press},
	keywords = {\'{e}tale,cohomology}
}

@book{Neukirch,
    title = {Algebraic Number Theory},
    author = {Neukirch, J\"{u}rgen},
    isbn = {3540653996},
    series = {Grundlehren der mathematischen Wissenschaften vol. 322},
    year = {1999},
    publisher = {Spring-Verlag},
    keywords = {algebraic,number,theory}
}

@book{Poonen_Var,
	title = {Rational Points on Varieties},
	author = {Poonen, Bjorn},
	isbn = {9781470437732},
	series = {Graduate Studies in Mathematics vol. 186},
	year = {2017},
	publisher = {American Mathematical Society},
	keywords = {rational,points,varieties}
}

@online{Stack,
	title = {The Stacks project},
	author = {The Stacks project authors},
	urldate = {2020-05-08},
	url = {http://stacks.math.columbia.edu},
	keywords = {Stack}
}

@online{Ample,
	title = {{$\mathcal{L}$} is very ample, {$\mathcal{U}$} is generated by global sections {$\implies\mathcal{L}\tensor\mathcal{U}$} is very ample},
	author = {Li Zhan},
	organization = {Mathematics Stack Exchange},
	date = {2011-11-28},
	urldate = {2020-05-08},
	url = {https://math.stackexchange.com/questions/86202/mathcall-is-very-ample-mathcalu-is-generated-by-global-sections-rig},
	keywords = {ample}
}

@online{Extension,
	title = {Extension of a Line Bundle given on the generic fibre [sic]},
	author = {Altinior},
	organization = {Mathematics Stack Exchange},
	date = {2014-02-15},
	urldate = {2020-05-08},
	url = {https://math.stackexchange.com/questions/677190/extension-of-a-line-bundle-given-on-the-generic-fibre},
	keywords = {extension,line,bundle,generic,fibre,fiber}
}

@online{Bhatt,
	title = {Math 731: Topics in Algebraic Geometry I - Abelian Varieties},
	author = {Bhargav Bhatt},
	date = {2017},
	urldate = {2020-05-08},
	url = {http://www-personal.umich.edu/~stevmatt/abelian_varieties.pdf},
	keywords = {abelian,varieties},
	note = {Notes by Matt Stevenson}
}

@online{Conrad,
	title = {Math 249C: Abelian Varieties},
	author = {Brian Conrad},
	date = {2015},
	urldate = {2020-05-08},
	url = {http://virtualmath1.stanford.edu/~conrad/249CS15Page/handouts/abvarnotes.pdf},
	keywords = {abelian,varieties},
	note = {Notes by Tony Feng}
}

@online{Dominant,
	title = {Why does a flat finite type morphism of irreducible noetherian schemes map generic pt to generic pt [sic]},
	author = {edgarlorp},
	organization = {Mathematics Stack Exchange},
	date = {2018-09-07},
	urldate = {2020-05-08},
	url = {https://math.stackexchange.com/questions/2908265/why-does-a-flat-finite-type-morphism-of-irreducible-noetherian-schemes-map-gener},
	keywords = {dominant}
}

@online{Poonen_SS,
	title = {The Selmer Group, the Shafarevich-Tate Group, and the Weak Mordell-Weil Theorem},
	author = {Poonen, Bjorn},
	date = {2002-02-20},
	urldate = {2020-07-03},
	url = {http://math.mit.edu/~poonen/f01/weakmw.pdf},
	keywords = {Selmer,Shafarevich,Tate,weak,Mordell,Weil},
}

@online{Moonen,
	title = {Abelian Varieties},
	author = {Moonen, Ben and Gerard van der Geer and Bas Edixhoven},
	date = {2014},
	urldate = {2020-07-03},
	url = {https://www.math.ru.nl/~bmoonen/research.html#bookabvar},
	keywords = {abelian,varieties},
}