@book{DG70,
    title = {Groupes alg\'{e}briques},
    author = {Michel Demazure and Pierre Gabriel},
    year = {1970},
    publisher = {},
}

@book{LM00,
    title = {Champs alg\'{e}briques},
    author = {G\'{e}rard Laumon and Laurent Moret-Bailly},
    year = {2000},
    publisher = {},
}

@online{Ras18,
	title = {M392C Notes: Algebraic Geometry},
	author = {Sam Raskin},
	date = {2018},
	urldate = {October 26, 2021},
	url = {https://web.ma.utexas.edu/users/a.debray/lecture_notes/m392c_Raskin_AG_notes.pdf},
	note = {Notes by Arun Debray},
}

@online{Str00,
	title = {Formal schemes and formal groups},
	author = {Neil Strickland},
	date = {2000},
	urldate = {October 26, 2021},
	url = {https://arxiv.org/abs/math/0011121},
}

@online{Toe,
	title = {A master course on algebraic stacks},
	author = {Bertrand To\"{e}n},
	date = {2019},
	urldate = {October 26, 2021},
	url = {https://web.archive.org/web/20190617183638/http://www-personal.umich.edu/~ruchen/articles/stacks.pdf},
	note = {Translated by Ruian Chen},
}

